@String(PAMI  = {IEEE TPAMI})
@String(IJCV  = {IJCV})
@String(CVPR  = {CVPR})
@String(ICCV  = {ICCV})
@String(ECCV  = {ECCV})
@String(NIPS  = {NeurIPS})
@String(ICPR  = {ICPR})
@String(BMVC  =	{BMVC})
@String(TOG   = {ACM TOG})
@String(TIP   = {IEEE TIP})
@String(TVCG  = {IEEE TVCG})
@String(TCSVT = {IEEE TCSVT})
@String(TMM   =	{IEEE TMM})
@String(ACMMM = {ACM MM})
@String(ICME  =	{ICME})
@String(ICASSP=	{ICASSP})
@String(ICIP  = {ICIP})
@String(ACCV  = {ACCV})
@String(ICLR  = {ICLR})
@String(IJCAI = {IJCAI})
@String(PR = {PR})
@String(AAAI = {AAAI})
@String(CVPRW= {CVPRW})
@String(CSVT = {IEEE TCSVT})



@String(PAMI = {IEEE Trans. Pattern Anal. Mach. Intell.})
@String(IJCV = {Int. J. Comput. Vis.})
@String(CVPR= {IEEE Conf. Comput. Vis. Pattern Recog.})
@String(ICCV= {Int. Conf. Comput. Vis.})
@String(ECCV= {Eur. Conf. Comput. Vis.})
@String(NIPS= {Adv. Neural Inform. Process. Syst.})
@String(ICPR = {Int. Conf. Pattern Recog.})
@String(BMVC= {Brit. Mach. Vis. Conf.})
@String(TOG= {ACM Trans. Graph.})
@String(TIP  = {IEEE Trans. Image Process.})
@String(TVCG  = {IEEE Trans. Vis. Comput. Graph.})
@String(TMM  = {IEEE Trans. Multimedia})
@String(ACMMM= {ACM Int. Conf. Multimedia})
@String(ICME = {Int. Conf. Multimedia and Expo})
@String(ICASSP=	{ICASSP})
@String(ICIP = {IEEE Int. Conf. Image Process.})
@String(ACCV  = {ACCV})
@String(ICLR = {Int. Conf. Learn. Represent.})
@String(IJCAI = {IJCAI})
@String(PR   = {Pattern Recognition})
@String(AAAI = {AAAI})
@String(CVPRW= {IEEE Conf. Comput. Vis. Pattern Recog. Worksh.})
@String(CSVT = {IEEE Trans. Circuit Syst. Video Technol.})

@String(SPL	= {IEEE Sign. Process. Letters})
@String(VR   = {Vis. Res.})
@String(JOV	 = {J. Vis.})
@String(TVC  = {The Vis. Comput.})
@String(JCST  = {J. Comput. Sci. Tech.})
@String(CGF  = {Comput. Graph. Forum})
@String(CVM = {Computational Visual Media})

%-------------------------------------------------------------------------

@article{demand_for_interpretability,
    author = {A. Preece{,} D. Harborne{,} D. Braines{,} R. Tomsett and S. Chakraborty},
    title = {Stakeholders in Explainable AI},
    note = {arXiv:1810.00184 [cs], Set. 2018. Accessed on: Feb. 27, 2021. [Online]. Available: http://arxiv.org/abs/1810.00184}, 
}

@article{introduction_to_biometric_recognition,
    author = {A. K. Jain{,} A. Ross and S. Prabhakar},
    title = {An introduction to biometric recognition},
    journal = {IEEE Transactions on Circuits and Systems for Video Technology},
    volume = 14, 
    number = 1, 
    pages = {4-20}, 
    year = 2004,
    doi = {10.1109/TCSVT.2003.818349}
}

@article{biometric_recognition_dl_survey,
    author = {S. Minaee{,} A. Abdolrashidi{,} H. Su{,} M. Bennamoun and D. Zhang},
    title = {Biometrics Recognition Using Deep Learning: A Survey},
    note = {arXiv:1912.00271 [cs], Fev. 2021. Accessed on: Feb. 27, 2021. [Online]. Available: http://arxiv.org/abs/1912.00271}, 
}

@article{gdpr,
    author = {European Commission},
    title = {General Data Protection Regulation},
    year = 2018,
    note = {Accessed on: Feb. 27, 2021. [Online]. Available: https://gdpr-info.eu}, 
}

@article{right_to_explanation,
    author = {S. Wachter{,} B. Mittelstadt and L. Floridi},
    title = {Why a Right to Explanation of Automated Decision-Making Does Not Exist in the General Data Protection Regulation},
    journal = {International Data Privacy Law},
    volume = 7, 
    number = 2, 
    pages = {76–99}, 
    year = 2017,
    doi = {10.1093/idpl/ipx005}
}

@article{feasibility_study,
    author = {U. Park{,} A. Ross and A. K. Jain},
    title = {Periocular biometrics in the visible spectrum: A feasibility study},
    journal = {2009 IEEE 3rd International Conference on Biometrics: Theory, Applications, and Systems},
    pages = {1-6}, 
    year = 2009,
    doi = {10.1109/BTAS.2009.5339068}
}

@article{information_fusion_approach,
    author = {A. Ross{,} R. Jillela{,} J. M. Smereka{,} V. N. Boddeti{,} B. V. K. V. Kumar{,} R. Barnard{,} X. Hu{,} P. Pauca and R. Plemmons},
    title = {Matching highly non-ideal ocular images: An information fusion approach},
    journal = {2012 5th IAPR International Conference on Biometrics (ICB)},
    pages = {446-453}, 
    year = 2012,
    doi = {10.1109/ICB.2012.6199791}
}

@article{rbm_feature_learning,
    author = {L. Nie{,} A. Kumar and S. Zhan},
    title = {Periocular Recognition Using Unsupervised Convolutional RBM Feature Learning},
    journal = {2014 22nd International Conference on Pattern Recognition},
    pages = {399-404}, 
    year = 2014,
    doi = {10.1109/ICPR.2014.77}
}

@article{accurate_periocular_recognition,
    author = {Z. Zhao and A. Kumar},
    title = {Accurate Periocular Recognition Under Less Constrained Environment Using Semantics-Assisted Convolutional Neural Network},
    journal = {IEEE Transactions on Information Forensics and Security},
    volume = 12, 
    number = 5, 
    pages = {1017-1030}, 
    year = 2017,
    doi = {10.1109/TIFS.2016.2636093}
}

@article{deep_prwis,
    author = {H. Proença and J. C. Neves},
    title = {Deep-PRWIS: Periocular Recognition Without the Iris and Sclera Using Deep Learning Frameworks},
    journal = {IEEE Transactions on Information Forensics and Security},
    volume = 13, 
    number = 4, 
    pages = {888-896}, 
    year = 2018,
    doi = {10.1109/TIFS.2017.2771230}
}

@article{person_identification,
    author = {S. Umer{,} A. Sardar{,} B. C. Dhara{,} R. K. Rout and H. M. Pandey},
    title = {Person identification using fusion of iris and periocular deep features},
    journal = {Neural Networks},
    volume = 122, 
    pages = {407–419}, 
    year = 2020,
    doi = {10.1016/j.neunet.2019.11.009}
}

@article{towards_interpretable_face_recognition,
    author = {B. Yin{,} L. Tran{,} H. Li{,} X. Shen and X. Liu},
    title = {Towards Interpretable Face Recognition},
    journal = {2019 IEEE/CVF International Conference on Computer Vision (ICCV)},
    pages = {9347-9356}, 
    year = 2019,
    doi = {10.1109/ICCV.2019.00944}
}

@article{interpretability_by_parts,
    author = {Z. Huang and Y. Li},
    title = {Interpretable and Accurate Fine-grained Recognition via Region Grouping},
    journal = {2020 IEEE/CVF Conference on Computer Vision and Pattern Recognition (CVPR)},
    pages = {8659-8669}, 
    year = 2020,
    doi = {10.1109/CVPR42600.2020.00869}
}

@article{mythos_of_model_interpretability,
    author = {Z. C. Lipton},
    title = {The Mythos of Model Interpretability},
    note = {arXiv:1606.03490 [cs, stat], Mar. 2017. Accessed on: Feb. 27, 2021. [Online]. Available: http://arxiv.org/abs/1606.03490}, 
}

@article{molnar2019,
    author = {C. Molnar},
    title = {Interpretable machine learning. {A} Guide for Making Black Box Models Explainable},
    year = 2019,
    note = {Accessed on: Feb. 27, 2021. [Online]. Available: https://christophm.github.io/interpretable-ml-book/}, 
}

@inproceedings{lime,
  author    = {M. T. Ribeiro{,} S. Singh and C. Guestrin},
  title     = {"{W}hy Should {I} Trust You?": Explaining the Predictions of Any Classifier},
  booktitle = {Proceedings of the 22nd {ACM} {SIGKDD} International Conference on
               Knowledge Discovery and Data Mining, San Francisco, CA, USA, August
               13-17, 2016},
  pages     = {1135--1144},
  year      = {2016},
}

@inproceedings{shap,
    author = {S. Lundberg and S. Lee},
    title = {A Unified Approach to Interpreting Model Predictions},
    year = {2017},
    isbn = {9781510860964},
    publisher = {Curran Associates Inc.},
    address = {Red Hook, NY, USA},
    booktitle = {Proceedings of the 31st International Conference on Neural Information Processing Systems},
    pages = {4768–4777},
    note = {Long Beach, California, USA}
}

@article{saliency_maps,
    author = {K. Simonyan{,} A. Vedaldi and A. Zisserman},
    title = {Deep Inside Convolutional Networks: Visualising Image Classification Models and Saliency Maps},
    note = {arXiv:1312.6034 [cs], Abr. 2014. Accessed on: Feb. 27, 2021. [Online]. Available: http://arxiv.org/abs/1312.6034}, 
}

@article{pdp,
    author = {J. H. Friedman},
    title = {Greedy function approximation: A gradient boosting machine},
    journal = {The Annals of Statistics},
    volume = 29, 
    number = 5, 
    pages = {1189-1232}, 
    year = 2001
}

@article{ale,
    author = {D. W. Apley and J. Zhu},
    title = {Visualizing the Effects of Predictor Variables in Black Box Supervised Learning Models},
    note = {arXiv:1612.08468 [stat], Ago. 2019. Accessed on: Feb. 27, 2021. [Online]. Available: http://arxiv.org/abs/1612.08468}, 
}

@article{ubipr,
    author = {C. Padole and H. Proença},
    title = {Periocular Recognition: Analysis of Performance Degradation Factors},
    journal = {Proceedings of the Fifth IAPR/IEEE International Conference on Biometrics – ICB 2012},
    note = {New Delhi, India},
    year = 2012
}

@article{stylegan,
    author = {T. Karras{,} S. Laine and T. Aila},
    title = {A Style-Based Generator Architecture for Generative Adversarial Networks},
    journal = {2019 IEEE/CVF Conference on Computer Vision and Pattern Recognition (CVPR)},
    pages = {4396-4405}, 
    note = {Long Beach, CA, USA},
    year = 2019,
    doi = {10.1109/CVPR.2019.00453}
}

@article{ubiris_v2,
    author = {H. Proença{,} S. Filipe{,} R. Santos{,} J. Oliveira and L. A. Alexandre},
    title = {The UBIRIS.v2: A Database of Visible Wavelength Iris Images Captured On- The-Move and At-A-Distance},
    journal = {IEEE Transactions on Pattern Analysis and Machine Intelligence},
    volume = 32, 
    number = 8, 
    pages = {1529–1535}, 
    year = 2010
}

@article{zhao_kumar_novel,
    author = {Z. Zhao and A. Kumar},
    title = {Improving Periocular Recognition by Explicit
Attention to Critical Regions in Deep Neural Network},
    journal = {IEEE Transactions on Information Forensics and Security},
    volume = 13, 
    number = 12, 
    pages = {2937–2952}, 
    year = 2018
}